@article{gardner1970mathematical,
  title={Mathematical games: The fantastic combinations of John Conway’s new solitaire game “life”},
  author={Gardner, Martin},
  journal={Scientific American},
  volume={223},
  number={4},
  pages={120--123},
  year={1970}
}

@book{schiff2011cellular,
	title={Cellular automata: a discrete view of the world},
	author={Schiff, Joel L},
	volume={45},
	year={2011},
	publisher={John Wiley \& Sons}
}

@article{berlekamp2004winning,
	title={Winning ways for your mathematical plays},
	author={Berlekamp, Elwyn R and Conway, John H and Guy, Richard K},
	year={2004},
	publisher={AK Peters}
}